<?xml version="1.0" encoding="UTF-8"?>
  <record xmlns="http://www.loc.gov/MARC21/slim" type="Authority">
    <leader>00000nz  a2200000nc 4500</leader>
    <controlfield tag="001">100959202</controlfield>
    <controlfield tag="003">DE-101</controlfield>
    <controlfield tag="005">20220604085229.0</controlfield>
    <controlfield tag="008">910104n||azznnaabn           | aaa    |c</controlfield>
    <datafield tag="024" ind1="7" ind2=" ">
      <subfield code="a">100959202</subfield>
      <subfield code="0">http://d-nb.info/gnd/100959202</subfield>
      <subfield code="2">gnd</subfield>
    </datafield>
    <datafield tag="035" ind1=" " ind2=" ">
      <subfield code="a">(DE-101)100959202</subfield>
    </datafield>
    <datafield tag="035" ind1=" " ind2=" ">
      <subfield code="a">(DE-588)100959202</subfield>
    </datafield>
    <datafield tag="035" ind1=" " ind2=" ">
      <subfield code="z">(DE-588)174115768</subfield>
    </datafield>
    <datafield tag="035" ind1=" " ind2=" ">
      <subfield code="z">(DE-588a)174115768</subfield>
      <subfield code="9">v:zg</subfield>
    </datafield>
    <datafield tag="035" ind1=" " ind2=" ">
      <subfield code="z">(DE-588a)100959202</subfield>
      <subfield code="9">v:zg</subfield>
    </datafield>
    <datafield tag="035" ind1=" " ind2=" ">
      <subfield code="z">(DE-588c)4499417-5</subfield>
      <subfield code="9">v:zg</subfield>
    </datafield>
    <datafield tag="040" ind1=" " ind2=" ">
      <subfield code="a">DE-12</subfield>
      <subfield code="c">DE-12</subfield>
      <subfield code="9">r:DE-12</subfield>
      <subfield code="b">ger</subfield>
      <subfield code="d">1210</subfield>
    </datafield>
    <datafield tag="042" ind1=" " ind2=" ">
      <subfield code="a">gnd1</subfield>
    </datafield>
    <datafield tag="043" ind1=" " ind2=" ">
      <subfield code="c">XA-GB</subfield>
    </datafield>
    <datafield tag="065" ind1=" " ind2=" ">
      <subfield code="a">2.1p</subfield>
      <subfield code="2">sswd</subfield>
    </datafield>
    <datafield tag="065" ind1=" " ind2=" ">
      <subfield code="a">3.6p</subfield>
      <subfield code="2">sswd</subfield>
    </datafield>
    <datafield tag="065" ind1=" " ind2=" ">
      <subfield code="a">16.5p</subfield>
      <subfield code="2">sswd</subfield>
    </datafield>
    <datafield tag="075" ind1=" " ind2=" ">
      <subfield code="b">p</subfield>
      <subfield code="2">gndgen</subfield>
    </datafield>
    <datafield tag="075" ind1=" " ind2=" ">
      <subfield code="b">piz</subfield>
      <subfield code="2">gndspec</subfield>
    </datafield>
    <datafield tag="079" ind1=" " ind2=" ">
      <subfield code="a">g</subfield>
      <subfield code="q">f</subfield>
      <subfield code="q">n</subfield>
      <subfield code="q">s</subfield>
      <subfield code="u">v</subfield>
      <subfield code="u">o</subfield>
      <subfield code="u">w</subfield>
    </datafield>
    <datafield tag="100" ind1="0" ind2=" ">
      <subfield code="a">Richardus</subfield>
      <subfield code="c">de Bury</subfield>
      <subfield code="d">1287-1345</subfield>
    </datafield>
    <datafield tag="400" ind1="0" ind2=" ">
      <subfield code="a">Richardus</subfield>
      <subfield code="c">de Buri</subfield>
      <subfield code="d">1287-1345</subfield>
    </datafield>
    <datafield tag="400" ind1="1" ind2=" ">
      <subfield code="a">Bury, Richard &#152;de&#156;</subfield>
      <subfield code="d">1287-1345</subfield>
    </datafield>
    <datafield tag="400" ind1="1" ind2=" ">
      <subfield code="a">Bury, Richardus &#152;de&#156;</subfield>
      <subfield code="d">1287-1345</subfield>
    </datafield>
    <datafield tag="400" ind1="0" ind2=" ">
      <subfield code="a">Richard</subfield>
      <subfield code="c">de Bury</subfield>
      <subfield code="d">1287-1345</subfield>
    </datafield>
    <datafield tag="400" ind1="0" ind2=" ">
      <subfield code="a">Richard</subfield>
      <subfield code="c">Aungervyle</subfield>
      <subfield code="d">1287-1345</subfield>
    </datafield>
    <datafield tag="400" ind1="0" ind2=" ">
      <subfield code="a">Richard</subfield>
      <subfield code="c">Aungerville</subfield>
      <subfield code="d">1287-1345</subfield>
    </datafield>
    <datafield tag="400" ind1="0" ind2=" ">
      <subfield code="a">Richard</subfield>
      <subfield code="c">of Durham</subfield>
      <subfield code="d">1287-1345</subfield>
    </datafield>
    <datafield tag="400" ind1="0" ind2=" ">
      <subfield code="a">Richard</subfield>
      <subfield code="c">d'Aungerville</subfield>
      <subfield code="d">1287-1345</subfield>
    </datafield>
    <datafield tag="400" ind1="0" ind2=" ">
      <subfield code="a">Richardus</subfield>
      <subfield code="c">Dunelmensis</subfield>
      <subfield code="d">1287-1345</subfield>
    </datafield>
    <datafield tag="400" ind1="0" ind2=" ">
      <subfield code="a">Richardus</subfield>
      <subfield code="c">Aungervillus</subfield>
      <subfield code="d">1287-1345</subfield>
    </datafield>
    <datafield tag="400" ind1="0" ind2=" ">
      <subfield code="a">Richardus</subfield>
      <subfield code="c">de Angravilla</subfield>
      <subfield code="d">1287-1345</subfield>
    </datafield>
    <datafield tag="400" ind1="0" ind2=" ">
      <subfield code="a">Richard</subfield>
      <subfield code="c">d'Angerville</subfield>
      <subfield code="d">1287-1345</subfield>
    </datafield>
    <datafield tag="400" ind1="0" ind2=" ">
      <subfield code="a">Richard</subfield>
      <subfield code="c">de Durham</subfield>
      <subfield code="d">1287-1345</subfield>
    </datafield>
    <datafield tag="400" ind1="0" ind2=" ">
      <subfield code="a">Riccardo</subfield>
      <subfield code="c">de Bury</subfield>
      <subfield code="d">1287-1345</subfield>
    </datafield>
    <datafield tag="400" ind1="1" ind2=" ">
      <subfield code="a">Bury, Riccardo &#152;de&#156;</subfield>
      <subfield code="d">1287-1345</subfield>
    </datafield>
    <datafield tag="400" ind1="1" ind2=" ">
      <subfield code="a">Bury d'Aungerville, Richard &#152;de&#156;</subfield>
      <subfield code="d">1287-1345</subfield>
    </datafield>
    <datafield tag="400" ind1="1" ind2=" ">
      <subfield code="a">Aungerville, Richard &#152;d'&#156;</subfield>
      <subfield code="d">1287-1345</subfield>
    </datafield>
    <datafield tag="400" ind1="1" ind2=" ">
      <subfield code="a">Buri, Richardus &#152;de&#156;</subfield>
      <subfield code="d">1287-1345</subfield>
    </datafield>
    <datafield tag="400" ind1="0" ind2=" ">
      <subfield code="a">Ricardus</subfield>
      <subfield code="c">de Bury</subfield>
      <subfield code="d">1287-1345</subfield>
    </datafield>
    <datafield tag="400" ind1="0" ind2=" ">
      <subfield code="a">Ricardus</subfield>
      <subfield code="c">de Aungervile</subfield>
      <subfield code="d">1287-1345</subfield>
    </datafield>
    <datafield tag="400" ind1="0" ind2=" ">
      <subfield code="a">Richard</subfield>
      <subfield code="c">von Bury</subfield>
      <subfield code="d">1287-1345</subfield>
    </datafield>
    <datafield tag="400" ind1="1" ind2=" ">
      <subfield code="a">Angerville, Richard &#152;d'&#156;</subfield>
      <subfield code="d">1287-1345</subfield>
    </datafield>
    <datafield tag="400" ind1="0" ind2=" ">
      <subfield code="a">Richard Aungerville</subfield>
      <subfield code="d">1287-1345</subfield>
    </datafield>
    <datafield tag="400" ind1="0" ind2=" ">
      <subfield code="a">Richard d'Angerville</subfield>
      <subfield code="d">1287-1345</subfield>
    </datafield>
    <datafield tag="400" ind1="0" ind2=" ">
      <subfield code="a">Riccardo</subfield>
      <subfield code="c">da Bury</subfield>
      <subfield code="d">1287-1345</subfield>
    </datafield>
    <datafield tag="400" ind1="1" ind2=" ">
      <subfield code="a">Bury, Richard &#152;de&#156;</subfield>
      <subfield code="c">Bischof von Durham</subfield>
      <subfield code="d">1287-1345</subfield>
    </datafield>
    <datafield tag="548" ind1=" " ind2=" ">
      <subfield code="a">1287-1345</subfield>
      <subfield code="4">datl</subfield>
      <subfield code="4">https://d-nb.info/standards/elementset/gnd#dateOfBirthAndDeath</subfield>
      <subfield code="w">r</subfield>
      <subfield code="i">Lebensdaten</subfield>
    </datafield>
    <datafield tag="667" ind1=" " ind2=" ">
      <subfield code="a">12-PMA</subfield>
    </datafield>
    <datafield tag="667" ind1=" " ind2=" ">
      <subfield code="a">12</subfield>
    </datafield>
    <datafield tag="667" ind1=" " ind2=" ">
      <subfield code="a">7</subfield>
    </datafield>
    <datafield tag="667" ind1=" " ind2=" ">
      <subfield code="a">384</subfield>
    </datafield>
    <datafield tag="667" ind1=" " ind2=" ">
      <subfield code="a">VD-17</subfield>
    </datafield>
    <datafield tag="667" ind1=" " ind2=" ">
      <subfield code="a">Quelle: DNB-Normdaten (Info DNB: Großbritannien (XA-GB) Weitere Angaben Philobiblon)</subfield>
    </datafield>
    <datafield tag="670" ind1=" " ind2=" ">
      <subfield code="a">LThK; Tusculum-Lexikon; LMA,VII,817/18</subfield>
    </datafield>
    <datafield tag="670" ind1=" " ind2=" ">
      <subfield code="a">LThK</subfield>
    </datafield>
    <datafield tag="670" ind1=" " ind2=" ">
      <subfield code="a">PND</subfield>
    </datafield>
    <datafield tag="672" ind1=" " ind2="0">
      <subfield code="a">Richardus &lt;de Bury&gt;: Philobiblon Richardi Dunelmensis</subfield>
      <subfield code="f">1599</subfield>
    </datafield>
    <datafield tag="672" ind1=" " ind2="0">
      <subfield code="a">Richardus &lt;de Bury&gt;: Philobiblon</subfield>
      <subfield code="f">1703</subfield>
    </datafield>
    <datafield tag="672" ind1=" " ind2="0">
      <subfield code="a">Richardus &lt;de Bury&gt;: Philobiblon</subfield>
      <subfield code="f">1473</subfield>
    </datafield>
    <datafield tag="672" ind1=" " ind2="0">
      <subfield code="a">Richardus &lt;de Bury&gt;: Philobiblon eller om kärleken till böckerna</subfield>
      <subfield code="f">1922</subfield>
    </datafield>
    <datafield tag="672" ind1=" " ind2="0">
      <subfield code="a">Richardus &lt;de Bury&gt;: Philobiblon Tractatus pulcherrimus de amore librorum</subfield>
      <subfield code="f">1500</subfield>
    </datafield>
    <datafield tag="672" ind1=" " ind2="0">
      <subfield code="a">Richardus &lt;de Bury&gt;: Philobiblon</subfield>
    </datafield>
    <datafield tag="672" ind1=" " ind2="0">
      <subfield code="a">Richardus &lt;de Bury&gt;: Philobiblon das ist der Traktat über die Liebe zu den Büchern</subfield>
      <subfield code="f">1912</subfield>
    </datafield>
    <datafield tag="672" ind1=" " ind2="0">
      <subfield code="a">Richardus &lt;de Bury&gt;: Philobiblon</subfield>
      <subfield code="f">1861</subfield>
    </datafield>
    <datafield tag="672" ind1=" " ind2="0">
      <subfield code="a">Richardus &lt;de Bury&gt;: The Philobiblon</subfield>
      <subfield code="f">1888</subfield>
    </datafield>
    <datafield tag="678" ind1=" " ind2=" ">
      <subfield code="b">Philobiblon</subfield>
    </datafield>
    <datafield tag="913" ind1=" " ind2=" ">
      <subfield code="S">pnd</subfield>
      <subfield code="i">5</subfield>
      <subfield code="a">Richardus &lt;de Bury&gt;</subfield>
      <subfield code="0">(DE-588a)100959202</subfield>
    </datafield>
    <datafield tag="913" ind1=" " ind2=" ">
      <subfield code="S">pnd</subfield>
      <subfield code="i">5</subfield>
      <subfield code="a">Richard &lt;von Bury&gt;</subfield>
      <subfield code="0">(DE-588a)100959202</subfield>
    </datafield>
    <datafield tag="913" ind1=" " ind2=" ">
      <subfield code="S">pnd</subfield>
      <subfield code="i">5</subfield>
      <subfield code="a">Richardus &lt;de Bury&gt;</subfield>
      <subfield code="0">(DE-588a)174115768</subfield>
    </datafield>
  </record>
